# Don't type all these out yourself if you can help it.  Lots of places
# (like NASA's ADS abstract service) provide preformatted BibTeX entries.

@MISC{IcGuide,
	author = "Icarus",
	title = "Guide for Authors",
	howpublished = "On the Web",
	month = "April",
	year = 2005,
	url = {http://icarus.cornell.edu/information/authors.html}
}

@MISC{IcStyle,
	author = "Icarus",
	title = "Icarus Style Example",
	howpublished = "On the Web",
	month = "April",
	year = 2004,
	url = {http://icarus.cornell.edu/information/Manuscript\_Template.pdf}
}

@MISC{ElGateway,
	author = "Elsevier",
	title = "Icarus Author Gateway",
	howpublished = "On the Web",
	year = 2005,
	url = {http://authors.elsevier.com/JournalDetail.html?PubID=622843}
}

@MISC{ElGuide,
	author = "Elsevier",
	title = "LaTeX file guidelines",
	howpublished = "On the Web",
	year = 2005,
	url = {http://authors.elsevier.com/getting\_published.html?dc=QG3}
}

@ARTICLE{2004EOSTr..85..385L,
   author = {{Light}, A. and {Bartlein}, P.~J.},
    title = "{The End of the Rainbow? Color Schemes for Improved Data Graphics}"
,
  journal = {EOS Transactions},
     year = 2004,
    month = oct,
   volume = 85,
    pages = {385-391},
      url = {http://geography.uoregon.edu/datagraphics/},
   adsurl = {http://adsabs.harvard.edu/cgi-bin/nph-bib_query?bibcode=2004EOSTr..
85..385L&db_key=AST},
  adsnote = {Provided by the NASA Astrophysics Data System}
}

@BOOK{latexguide,
	author = "{Kopka}, Helmut and {Daly}, Patrick W.",
	title = "A Guide to \LaTeX\",
	publisher = "Addison-Wesley",
	year = "1999",
	edition = "Third"
}

